<?xml version="1.0" encoding="UTF-8"?><collection xmlns="http://www.loc.gov/MARC21/slim"><record><leader>00361nam--2200133-i-4500</leader><controlfield tag="001">000035124</controlfield><controlfield tag="002">20161230</controlfield><controlfield tag="005">20161230201040</controlfield><controlfield tag="008">060222s1000------------r-----000-0-eng-d</controlfield><datafield ind1=" " ind2=" " tag="080"><subfield code="a">547:54.07</subfield></datafield><datafield ind1=" " ind2=" " tag="245"><subfield code="a">Organic syntheses via metal carbonyls</subfield></datafield><datafield ind1=" " ind2=" " tag="260"><subfield code="a">New York, Interscience Publ., 1968, Xiv + 517p</subfield></datafield><datafield ind1=" " ind2=" " tag="700"><subfield code="a">Wender, Irving And Pino, Piero</subfield></datafield><datafield ind1=" " ind2=" " tag="852"><subfield code="a">26595</subfield></datafield></record></collection>